<record><leader>01513cam a2200361 a 4500</leader><controlfield tag="001">1405075</controlfield><controlfield tag="008">910925s1985    it ac    bc       0 ita d</controlfield><datafield ind1=" " ind2=" " tag="010"><subfield code="a">   85237348</subfield></datafield><datafield ind1=" " ind2=" " tag="020"><subfield code="a">8876215638</subfield></datafield><datafield ind1=" " ind2=" " tag="035"><subfield code="a">ocm13642225</subfield></datafield><datafield ind1=" " ind2=" " tag="040"><subfield code="a">DLC</subfield><subfield code="b">eng</subfield><subfield code="c">DLC</subfield></datafield><datafield ind1=" " ind2=" " tag="049"><subfield code="a">AEU</subfield><subfield code="b">eng</subfield></datafield><datafield ind1="0" ind2="0" tag="050"><subfield code="a">NC242.B3</subfield><subfield code="b">A4 1985</subfield></datafield><datafield ind1="0" ind2=" " tag="082"><subfield code="a">741.6/092/4</subfield><subfield code="2">19</subfield></datafield><datafield ind1="0" ind2=" " tag="090"><subfield code="a">NC 242 B3 A4 1985</subfield></datafield><datafield ind1="1" ind2=" " tag="100"><subfield code="a">Beardsley, Aubrey,</subfield><subfield code="d">1872-1898.</subfield></datafield><datafield ind1="1" ind2="0" tag="245"><subfield code="a">Aubrey Beardsley, 1872-1898 :</subfield><subfield code="b">Roma 13 marzo-28 aprile 1985 /</subfield><subfield code="c">Soprintendenza speciale alla Galleria Nazionale d'arte moderna e contemporanea, Victoria and Albert Museum, Londra, The British Council.</subfield></datafield><datafield ind1=" " ind2=" " tag="260"><subfield code="a">[Roma] :</subfield><subfield code="b">F.lli Palombi,</subfield><subfield code="c">c1985.</subfield></datafield><datafield ind1=" " ind2=" " tag="300"><subfield code="a">234 p. :</subfield><subfield code="b">ill., ports. ;</subfield><subfield code="c">29 cm.</subfield></datafield><datafield ind1=" " ind2=" " tag="336"><subfield code="a">text</subfield><subfield code="b">txt</subfield><subfield code="2">rdacontent</subfield></datafield><datafield ind1=" " ind2=" " tag="337"><subfield code="a">unmediated</subfield><subfield code="b">n</subfield><subfield code="2">rdamedia</subfield></datafield><datafield ind1=" " ind2=" " tag="338"><subfield code="a">volume</subfield><subfield code="b">nc</subfield><subfield code="2">rdacarrier</subfield></datafield><datafield ind1="1" ind2=" " tag="490"><subfield code="a">Cataloghi (Fratelli Palombi editori)</subfield></datafield><datafield ind1=" " ind2=" " tag="500"><subfield code="a">"Introduzione e schede tradotte dal testo di Brian Reade, Beardsley, 1967"--Colophon.</subfield></datafield><datafield ind1=" " ind2=" " tag="504"><subfield code="a">Bibliography: p. 230-234.</subfield></datafield><datafield ind1=" " ind2=" " tag="596"><subfield code="a">43</subfield></datafield><datafield ind1="1" ind2="0" tag="600"><subfield code="a">Beardsley, Aubrey,</subfield><subfield code="d">1872-1898</subfield><subfield code="v">Exhibitions.</subfield></datafield><datafield ind1="1" ind2="2" tag="700"><subfield code="a">Reade, Brian.</subfield><subfield code="t">Beardsley.</subfield><subfield code="f">1967.</subfield><subfield code="l">Italian.</subfield></datafield><datafield ind1="1" ind2=" " tag="710"><subfield code="a">Italy.</subfield><subfield code="b">Soprintendenza speciale alla Galleria nazionale d'arte moderna e contemporanea.</subfield></datafield><datafield ind1="2" ind2=" " tag="710"><subfield code="a">Victoria and Albert Museum.</subfield></datafield><datafield ind1="2" ind2=" " tag="710"><subfield code="a">British Council.</subfield></datafield><datafield ind1=" " ind2="0" tag="830"><subfield code="a">Cataloghi (Fratelli Palombi editori)</subfield></datafield><datafield ind1=" " ind2=" " tag="926"><subfield code="a">NC 242 B3 A4 1985</subfield><subfield code="w">LC</subfield><subfield code="c">1</subfield><subfield code="i">000037908902</subfield><subfield code="d">5/28/2008</subfield><subfield code="e">5/27/2008</subfield><subfield code="l">ON_SHELF</subfield><subfield code="m">UAHSS</subfield><subfield code="n">6</subfield><subfield code="p">$150.00</subfield><subfield code="r">Y</subfield><subfield code="s">Y</subfield><subfield code="t">BOOK</subfield><subfield code="u">4/14/1992</subfield></datafield></record>